<?xml version="1.0" encoding="UTF-8"?><record xmlns="http://www.loc.gov/MARC21/slim" xmlns:cinclude="http://apache.org/cocoon/include/1.0" xmlns:zs="http://www.loc.gov/zing/srw/">
  <leader>00349nz  a2200121n  4500</leader>
  <controlfield tag="001">no 94023446 </controlfield>
  <controlfield tag="003">DLC</controlfield>
  <controlfield tag="005">19940712181627.6</controlfield>
  <controlfield tag="008">940712n| acannaab|          |n aaa     c</controlfield>
  <datafield tag="010" ind1=" " ind2=" ">
    <subfield code="a">no 94023446 </subfield>
  </datafield>
  <datafield tag="040" ind1=" " ind2=" ">
    <subfield code="a">ICU</subfield>
    <subfield code="c">ICU</subfield>
  </datafield>
  <datafield tag="100" ind1="1" ind2="0">
    <subfield code="a">Berger, Frances T.</subfield>
  </datafield>
  <datafield tag="670" ind1=" " ind2=" ">
    <subfield code="a">Facing the issues, 1977?:</subfield>
    <subfield code="b">t.p. (Frances T. Berger, Equal Employment Opportunity Program, IBM)</subfield>
  </datafield>
</record>